1%% Created using Papers on Sat, 04 Apr 2015.
%% http://papersapp.com/papers/
@article{Wolberg1995792,
title = "Computer-derived nuclear features distinguish malignant from benign breast cytology ",
journal = "Human Pathology",
volume = "26",
number = "7",
pages = "792 - 796",
year = "1995",
note = "",
issn = "0046-8177",
doi = "http://dx.doi.org/10.1016/0046-8177(95)90229-5",
url = "http://www.sciencedirect.com/science/article/pii/0046817795902295",
author = "William H Wolberg and W.Nick Street and Dennis M Heisey and Olvi L Mangasarian",
keywords = "breast cancer",
keywords = "image processing",
keywords = "cytology",
keywords = "diagnosis",
keywords = "inductive machine learning "
}



@inproceedings{kayacik2005selecting,
  title={Selecting features for intrusion detection: A feature relevance analysis on KDD 99 intrusion detection datasets},
  author={Kayacik, H G{\"u}nes and Zincir-Heywood, A Nur and Heywood, Malcolm I},
  booktitle={Proceedings of the third annual conference on privacy, security and trust},
  year={2005},
  organization={Citeseer}
}

@inproceedings{Amer:2013:EOS,
 author = {Amer, Mennatallah and Goldstein, Markus and Abdennadher, Slim},
 title = {Enhancing One-class Support Vector Machines for Unsupervised Anomaly Detection},
 booktitle = {Proceedings of the ACM SIGKDD Workshop on Outlier Detection and Description},
 series = {ODD '13},
 year = {2013},
 pages = {8--15},
 numpages = {8},
 url = {http://doi.acm.org/10.1145/2500853.2500857},
 acmid = {2500857},
 publisher = {ACM},
} 


@inproceedings{Kriegel:2009:LLO,
 author = {Kriegel, Hans-Peter and Kr\"{o}ger, Peer and Schubert, Erich and Zimek, Arthur},
 title = {LoOP: Local Outlier Probabilities},
 booktitle = {Proceedings of the 18th ACM Conference on Information and Knowledge Management},
 year = {2009},
 pages = {1649--1652},
 numpages = {4},
 publisher = {ACM}
} 


@inproceedings{XuWei-SOSP,
author = {Xu, Wei and Huang, Ling and Fox, Armando and Patterson, David and Jordan, Michael I},
title = {{Detecting Large-scale System Problems by Mining Console Logs}},
booktitle = {Proceedings of the ACM SIGOPS 22nd Symposium on Operating Systems Principles},
year = {2009},
pages = {117--132},
publisher = {ACM},
rating = {0},
date-added = {2015-03-18T11:15:36GMT},
date-modified = {2015-03-18T11:54:03GMT},
uri = {\url{papers3://publication/uuid/56A3E699-F20C-46B6-800F-0F09643B3929}}
}

@article{SPCA-2003,
author = {Jolliffe, Ian T and Trendafilov, Nickolay T and Uddin, Mudassir},
title = {{A Modified Principal Component Technique Based on the LASSO}},
journal = {Journal of Computational and Graphical Statistics},
year = {2003},
volume = {12},
number = {3},
pages = {531--547},
rating = {0},
date-added = {2015-03-18T11:15:36GMT},
date-modified = {2015-03-18T11:54:03GMT},
uri = {\url{papers3://publication/uuid/4A9D73CB-399F-48ED-938C-C73331838F16}}
}

@article{jiang2013family,
author = {Jiang, Ruoyi and Fei, Hongliang and Huan, Jun},
title = {{A family of joint sparse pca algorithms for anomaly localization in network data streams}},
journal = {Knowledge and Data Engineering, IEEE Transactions on},
year = {2013},
volume = {25},
number = {11},
pages = {2421--2433},
read = {Yes},
rating = {0},
date-added = {2015-03-18T11:15:36GMT},
date-modified = {2015-04-02T06:06:34GMT},
local-url = {file://localhost/Users/bxy/Dropbox/Library.papers3/Articles/2013/Jiang/Knowledge%20and%20Data%20Engineering%20IEEE%20Transactions%20on%202013%20Jiang.pdf},
file = {{Knowledge and Data Engineering IEEE Transactions on 2013 Jiang.pdf:/Users/bxy/Dropbox/Library.papers3/Articles/2013/Jiang/Knowledge and Data Engineering IEEE Transactions on 2013 Jiang.pdf:application/pdf}},
uri = {\url{papers3://publication/uuid/D1FBABDB-CF92-4297-92F4-24581ACF9B0D}}
}

@article{XuWeiGoogle,
author = {Xu, Wei and Huang, Ling and Fox, Armando and Patterson, David and Jordan, Michael},
title = {{Experience mining Google{\textquoteright}s production console logs}},
journal = {Proceedings of the 2010 workshop on Managing systems via log analysis and machine learning techniques},
year = {2010},
read = {Yes},
rating = {0},
date-added = {2015-03-18T11:15:36GMT},
date-modified = {2015-04-03T04:12:48GMT},
local-url = {file://localhost/Users/bxy/Dropbox/Library.papers3/Articles/2010/Xu/Proc.%20of%20SLAML%202010%20Xu.pdf},
file = {{Proc. of SLAML 2010 Xu.pdf:/Users/bxy/Dropbox/Library.papers3/Articles/2010/Xu/Proc. of SLAML 2010 Xu.pdf:application/pdf}},
uri = {\url{papers3://publication/uuid/303DF70C-5F6C-4830-920D-CA3F9156F41A}}
}

@techreport{shyu2003novel,
author = {Shyu, Mei-Ling and Chen, Shu-Ching and Sarinnapakorn, Kanoksri and Chang, LiWu},
title = {{A novel anomaly detection scheme based on principal component classifier}},
year = {2003},
publisher = {DTIC Document},
read = {Yes},
rating = {0},
date-added = {2015-03-18T11:57:15GMT},
date-modified = {2015-03-19T07:28:02GMT},
local-url = {file://localhost/Users/bxy/Dropbox/Library.papers3/Files/8C/8CB4B3FB-0945-4594-BBCE-9EE07CD3E7F5.pdf},
file = {{8CB4B3FB-0945-4594-BBCE-9EE07CD3E7F5.pdf:/Users/bxy/Dropbox/Library.papers3/Files/8C/8CB4B3FB-0945-4594-BBCE-9EE07CD3E7F5.pdf:application/pdf}},
uri = {\url{papers3://publication/uuid/078F403A-68D6-4EFD-89D8-21B211C1BF55}}
}

@inproceedings{dutta2007distributed,
  title={Distributed Top-K Outlier Detection from Astronomy Catalogs using the DEMAC System.},
  author={Dutta, Haimonti and Giannella, Chris and Borne, Kirk D and Kargupta, Hillol},
  booktitle={SDM},
  pages={473--478},
  year={2007},
  organization={SIAM}
}
@misc{breast-cancer-data,
title = {{Breast Cancer Wisconsin (Diagnostic) Data Set}},
year = {1995},
url = {http://archive.ics.uci.edu/ml/datasets/ Breast\url{+}Cancer\url{+}Wisconsin\url{+}(Diagnostic)},
}

@misc{microsoft-cheatsheet,
title = {{Microsoft Machine Learning Cheat sheet}},
url = {https://azure.microsoft.com/en-us/documentation/articles/machine-learning-algorithm-cheat-sheet/}
}

@misc{netflix-outlier,
title = {{Netflix outlier detection on big data}},
url = {http://techblog.netflix.com/2015/02/rad-outlier-detection-on-big-data.html}
}

@misc{cup1999data,
title = {{KDD Cup 1999 Data}},
year = {1999},
rating = {0},
date-added = {2015-03-19T06:23:39GMT},
date-modified = {2015-04-04T08:16:00GMT},
url = {http://kdd.ics.uci.edu/databases/kddcup99/kddcup99.html},
uri = {\url{papers3://publication/uuid/75FBADA4-2714-41F8-A1A0-7D6490A3F423}}
}

@article{Anomaly-Survey-09,
author = {Chandola, Varun and Banerjee, Arindam and Kumar, Vipin},
title = {{Anomaly Detection: A Survey}},
journal = {ACM Computing Surveys},
year = {2009},
volume = {41},
number = {3},
pages = {1--58},
read = {Yes},
rating = {0},
date-added = {2015-03-18T11:15:36GMT},
date-modified = {2015-03-19T07:28:01GMT},
local-url = {file://localhost/Users/bxy/Dropbox/Library.papers3/Articles/2009/Chandola/ACM%20Comput.%20Surv.%202009%20Chandola.pdf},
file = {{ACM Comput. Surv. 2009 Chandola.pdf:/Users/bxy/Dropbox/Library.papers3/Articles/2009/Chandola/ACM Comput. Surv. 2009 Chandola.pdf:application/pdf}},
uri = {\url{papers3://publication/uuid/E485BE06-494E-4F34-9B4A-396F50BD191D}}
}

@inproceedings{PCA-Sensitivity,
author = {Ringberg, Haakon and Soule, Augustin and Rexford, Jennifer and Diot, Christophe},
title = {{Sensitivity of PCA for Traffic Anomaly Detection}},
booktitle = {Proceedings of the 2007 ACM SIGMETRICS International Conference on Measurement and Modeling of Computer Systems},
year = {2007},
pages = {109--120},
publisher = {ACM},
doi = {10.1145/1254882.1254895},
isbn = {978-1-59593-639-4},
read = {Yes},
rating = {0},
date-added = {2015-03-19T07:09:52GMT},
date-modified = {2015-04-03T04:12:47GMT},
local-url = {file://localhost/Users/bxy/Dropbox/Library.papers3/Files/BF/BF10160F-BF48-44E8-B84A-CC8D4348238C.pdf},
file = {{BF10160F-BF48-44E8-B84A-CC8D4348238C.pdf:/Users/bxy/Dropbox/Library.papers3/Files/BF/BF10160F-BF48-44E8-B84A-CC8D4348238C.pdf:application/pdf}},
uri = {\url{papers3://publication/doi/10.1145/1254882.1254895}}
}

@inproceedings{Lakhina-2004-sigcomm,
author = {Lakhina, Anukool and Crovella, Mark and Diot, Christophe},
title = {{Diagnosing Network-wide Traffic Anomalies}},
booktitle = {Proceedings of the 2004 Conference on Applications, Technologies, Architectures, and Protocols for Computer Communications},
year = {2004},
pages = {219--230},
publisher = {ACM},
doi = {10.1145/1015467.1015492},
isbn = {1-58113-862-8},
rating = {0},
date-added = {2015-03-19T07:22:23GMT},
date-modified = {2015-03-19T07:29:15GMT},
local-url = {file://localhost/Users/bxy/Dropbox/Library.papers3/Files/B1/B1EA8A87-0844-47BD-AA8A-C0E5DDDD947C.pdf},
file = {{B1EA8A87-0844-47BD-AA8A-C0E5DDDD947C.pdf:/Users/bxy/Dropbox/Library.papers3/Files/B1/B1EA8A87-0844-47BD-AA8A-C0E5DDDD947C.pdf:application/pdf}},
uri = {\url{papers3://publication/doi/10.1145/1015467.1015492}}
}

@inproceedings{Li-IMC-06,
author = {Li, Xin and Bian, Fang and Crovella, Mark and Diot, Christophe and Govindan, Ramesh and Iannaccone, Gianluca and Lakhina, Anukool},
title = {{Detection and Identification of Network Anomalies Using Sketch Subspaces}},
booktitle = {Proceedings of the 6th ACM SIGCOMM Conference on Internet Measurement},
year = {2006},
pages = {147--152},
publisher = {ACM},
doi = {10.1145/1177080.1177099},
isbn = {1-59593-561-4},
rating = {0},
date-added = {2015-03-19T07:23:01GMT},
date-modified = {2015-03-19T07:29:45GMT},
local-url = {file://localhost/Users/bxy/Dropbox/Library.papers3/Files/43/43D44DBD-E990-4819-85E7-83588923601A.pdf},
file = {{43D44DBD-E990-4819-85E7-83588923601A.pdf:/Users/bxy/Dropbox/Library.papers3/Files/43/43D44DBD-E990-4819-85E7-83588923601A.pdf:application/pdf}},
uri = {\url{papers3://publication/doi/10.1145/1177080.1177099}}
}

@inproceedings{XuWei-ICDM,
author = {Xu, Wei and Huang, Ling and Fox, A and Patterson, D and Jordan, M I},
title = {{Online System Problem Detection by Mining Patterns of Console Logs}},
booktitle = {Data Mining, 2009. ICDM '09. Ninth IEEE International Conference on},
year = {2009},
pages = {588--597},
read = {Yes},
rating = {0},
date-added = {2015-03-18T11:15:36GMT},
date-modified = {2015-03-19T08:11:25GMT},
local-url = {file://localhost/Users/bxy/Dropbox/Library.papers3/Articles/2009/Xu/2009%20Xu-1.pdf},
file = {{2009 Xu-1.pdf:/Users/bxy/Dropbox/Library.papers3/Articles/2009/Xu/2009 Xu-1.pdf:application/pdf}},
uri = {\url{papers3://publication/uuid/95E87940-B2F2-4296-8D0F-E103080E96EC}}
}

@book{jolliffe2002principal,
author = {Jolliffe, Ian},
title = {{Principal component analysis}},
publisher = {Wiley Online Library},
year = {2002},
rating = {0},
date-added = {2015-03-18T11:15:36GMT},
date-modified = {2015-03-18T11:54:03GMT},
uri = {\url{papers3://publication/uuid/9C497C1F-7BE0-4192-99B1-F4D64730AF5E}}
}

@inproceedings{huang2006network,
author = {Huang, Ling and Nguyen, XuanLong and Garofalakis, Minos and Jordan, Michael I and Joseph, Anthony and Taft, Nina},
title = {{In-network PCA and anomaly detection}},
booktitle = {Advances in Neural Information Processing Systems},
year = {2006},
pages = {617--624},
publisher = {MIT Press},
read = {Yes},
rating = {0},
date-added = {2015-03-18T11:15:36GMT},
date-modified = {2015-03-19T07:27:59GMT},
local-url = {file://localhost/Users/bxy/Dropbox/Library.papers3/Articles/2006/Huang/2006%20Huang.pdf},
file = {{2006 Huang.pdf:/Users/bxy/Dropbox/Library.papers3/Articles/2006/Huang/2006 Huang.pdf:application/pdf}},
uri = {\url{papers3://publication/uuid/6166AD6E-4934-4F93-B0EF-AA3AC95DBCC4}}
}

@inproceedings{PCA-KDD99-2006,
author = {Wang, W and Battiti, R},
title = {{Identifying intrusions in computer networks with principal component analysis}},
booktitle = {The First International Conference on Availability, Reliability and Security},
year = {2006},
pages = {270--279},
publisher = {IEEE},
doi = {10.1109/ARES.2006.73},
isbn = {0-7695-2567-9},
language = {English},
read = {Yes},
rating = {0},
date-added = {2015-03-19T06:45:20GMT},
date-modified = {2015-04-02T07:01:16GMT},
abstract = {Most current anomaly intrusion detection systems (IDSs) detect computer network behavior as normal or abnormal but cannot identify the type of attacks. Moreover, most current intrusion detection methods cannot process large amounts of audit data for ...},
local-url = {file://localhost/Users/bxy/Dropbox/Library.papers3/Files/30/30C3ADB7-D3C7-47C9-93D8-E60029491C8C.pdf},
file = {{30C3ADB7-D3C7-47C9-93D8-E60029491C8C.pdf:/Users/bxy/Dropbox/Library.papers3/Files/30/30C3ADB7-D3C7-47C9-93D8-E60029491C8C.pdf:application/pdf;30C3ADB7-D3C7-47C9-93D8-E60029491C8C.pdf:/Users/bxy/Dropbox/Library.papers3/Files/30/30C3ADB7-D3C7-47C9-93D8-E60029491C8C.pdf:application/pdf}},
uri = {\url{papers3://publication/doi/10.1109/ARES.2006.73}}
}

@article{SPCA-SDP,
author = {d'Aspremont, Alexandre and El Ghaoui, Laurent and Jordan, Michael I and Lanckriet, Gert R G},
title = {{A Direct Formulation for Sparse PCA Using Semidefinite Programming}},
journal = {SIAM Review},
year = {2007},
volume = {49},
number = {3},
pages = {434--448},
rating = {0},
date-added = {2015-03-18T11:15:36GMT},
date-modified = {2015-03-18T11:54:03GMT},
uri = {\url{papers3://publication/uuid/71A65772-8E32-466C-AE7B-CF9F5E06F398}}
}

@inproceedings{Lakhina-2005-sigcomm,
author = {Lakhina, Anukool and Crovella, Mark and Diot, Christophe},
title = {{Mining Anomalies Using Traffic Feature Distributions}},
booktitle = {Proceedings of the 2005 Conference on Applications, Technologies, Architectures, and Protocols for Computer Communications},
year = {2005},
pages = {217--228},
publisher = {ACM},
doi = {10.1145/1080091.1080118},
isbn = {1-59593-009-4},
rating = {0},
date-added = {2015-03-19T07:21:50GMT},
date-modified = {2015-03-19T07:29:30GMT},
local-url = {file://localhost/Users/bxy/Dropbox/Library.papers3/Files/80/80DC356F-F5DC-4781-9940-17451DB80731.pdf},
file = {{80DC356F-F5DC-4781-9940-17451DB80731.pdf:/Users/bxy/Dropbox/Library.papers3/Files/80/80DC356F-F5DC-4781-9940-17451DB80731.pdf:application/pdf}},
uri = {\url{papers3://publication/doi/10.1145/1080091.1080118}}
}

@article {dunia1997multi,
author = {Dunia, Ricardo and Joe Qin, S.},
title = {Subspace approach to multidimensional fault identification and reconstruction},
journal = {AIChE Journal},
volume = {44},
number = {8},
publisher = {Wiley Subscription Services, Inc., A Wiley Company},
issn = {1547-5905},
doi = {10.1002/aic.690440812},
pages = {1813--1831},
year = {1998},
}

@inproceedings{Lakhina-2004-IMC,
author = {Lakhina, Anukool and Crovella, Mark and Diot, Christiphe},
title = {{Characterization of Network-wide Anomalies in Traffic Flows}},
booktitle = {Proceedings of the 4th ACM SIGCOMM Conference on Internet Measurement},
year = {2004},
pages = {201--206},
publisher = {ACM},
doi = {10.1145/1028788.1028813},
isbn = {1-58113-821-0},
read = {Yes},
rating = {0},
date-added = {2015-03-19T07:21:04GMT},
date-modified = {2015-04-02T06:58:07GMT},
local-url = {file://localhost/Users/bxy/Dropbox/Library.papers3/Files/8F/8FDC0124-2DD4-49AA-81CA-447AE398B46E.pdf},
file = {{8FDC0124-2DD4-49AA-81CA-447AE398B46E.pdf:/Users/bxy/Dropbox/Library.papers3/Files/8F/8FDC0124-2DD4-49AA-81CA-447AE398B46E.pdf:application/pdf}},
uri = {\url{papers3://publication/doi/10.1145/1028788.1028813}}
}

@article{SPCA-2006,
author = {Zou, Hui and Hastie, Trevor and Tibshirani, Robert},
title = {{Sparse Principal Component Analysis}},
journal = {Journal of Computational and Graphical Statistics},
year = {2006},
volume = {15},
number = {2},
pages = {265--286},
read = {Yes},
rating = {0},
date-added = {2015-03-18T11:15:36GMT},
date-modified = {2015-03-24T06:36:07GMT},
local-url = {file://localhost/Users/bxy/Dropbox/Library.papers3/Articles/2006/Zou/Journal%20of%20Computational%20and%20Graphical%20Statistics%202006%20Zou-1.pdf},
file = {{Journal of Computational and Graphical Statistics 2006 Zou-1.pdf:/Users/bxy/Dropbox/Library.papers3/Articles/2006/Zou/Journal of Computational and Graphical Statistics 2006 Zou-1.pdf:application/pdf}},
uri = {\url{papers3://publication/uuid/02ABE316-377A-48F9-AD34-EE448E97E47D}}
}

@misc{kyoto_data,
title = {{Kyoto University Benchmark Data }},
read = {Yes},
rating = {0},
date-added = {2015-03-26T06:46:05GMT},
date-modified = {2015-04-04T08:18:45GMT},
url = {http://www.takakura.com/kyoto\_data/},
local-url = {file://localhost/Users/bxy/Dropbox/Library.papers3/Files/14/1406FF9B-6680-4D32-93EF-4DEA1C96369C.pdf},
file = {{1406FF9B-6680-4D32-93EF-4DEA1C96369C.pdf:/Users/bxy/Dropbox/Library.papers3/Files/14/1406FF9B-6680-4D32-93EF-4DEA1C96369C.pdf:application/pdf;1406FF9B-6680-4D32-93EF-4DEA1C96369C.pdf:/Users/bxy/Dropbox/Library.papers3/Files/14/1406FF9B-6680-4D32-93EF-4DEA1C96369C.pdf:application/pdf}},
uri = {\url{papers3://publication/uuid/E71F8D89-329E-4146-B38F-C57D07FF3B81}}
}

@inproceedings{INFOCOM-Distributed-PCA,
author = {Huang, Ling and Nguyen, XuanLong and Garofalakis, Minos and Hellerstein, J M and Jordan, M I and Joseph, A D and Taft, N},
title = {{Communication-Efficient Online Detection of Network-Wide Anomalies}},
booktitle = {INFOCOM 2007. 26th IEEE International Conference on Computer Communications},
year = {2007},
pages = {134--142},
publisher = {IEEE},
isbn = {1-4244-1047-9},
issn = {0743-166X},
language = {English},
rating = {0},
date-added = {2015-03-19T07:18:49GMT},
date-modified = {2015-04-04T08:21:21GMT},
abstract = {There has been growing interest in building large-scale distributed monitoring systems for sensor, enterprise, and ISP networks. Recent work has proposed using principal component analysis (PCA) over global traffic matrix statistics to effectively is...},
local-url = {file://localhost/Users/bxy/Dropbox/Library.papers3/Files/B3/B331ADD6-EF15-4D23-B54B-9B4B6194723D.pdf},
file = {{B331ADD6-EF15-4D23-B54B-9B4B6194723D.pdf:/Users/bxy/Dropbox/Library.papers3/Files/B3/B331ADD6-EF15-4D23-B54B-9B4B6194723D.pdf:application/pdf;B331ADD6-EF15-4D23-B54B-9B4B6194723D.pdf:/Users/bxy/Dropbox/Library.papers3/Files/B3/B331ADD6-EF15-4D23-B54B-9B4B6194723D.pdf:application/pdf}},
uri = {\url{papers3://publication/uuid/CE5AC503-F00A-441B-B7BC-4242920C8F44}}
}

@inproceedings{jiang2011JSPCA,
author = {Jiang, Ruoyi and Fei, Hongliang and Huan, Jun},
title = {{Anomaly Localization for Network Data Streams with Graph Joint Sparse PCA}},
booktitle = {Proceedings of the 17th ACM SIGKDD International Conference on Knowledge Discovery and Data Mining},
year = {2011},
pages = {886--894},
publisher = {ACM},
read = {Yes},
rating = {0},
date-added = {2015-03-18T11:15:36GMT},
date-modified = {2015-04-03T04:24:46GMT},
local-url = {file://localhost/Users/bxy/Dropbox/Library.papers3/Files/28/28D3728B-3CFB-4D98-B345-6C2ABE59D2DA.pdf},
file = {{28D3728B-3CFB-4D98-B345-6C2ABE59D2DA.pdf:/Users/bxy/Dropbox/Library.papers3/Files/28/28D3728B-3CFB-4D98-B345-6C2ABE59D2DA.pdf:application/pdf}},
uri = {\url{papers3://publication/uuid/456D1CC1-55A8-44FF-BFBA-19114BC9A110}}
}

@inproceedings{mackey2009deflation,
author = {Mackey, Lester W},
title = {{Deflation methods for sparse PCA}},
booktitle = {Advances in neural information processing systems},
year = {2009},
pages = {1017--1024},
read = {Yes},
rating = {0},
date-added = {2015-03-26T02:09:44GMT},
date-modified = {2015-04-03T03:13:04GMT},
local-url = {file://localhost/Users/bxy/Dropbox/Library.papers3/Files/28/2898D824-277B-418A-9263-44019595AAA1.pdf},
file = {{2898D824-277B-418A-9263-44019595AAA1.pdf:/Users/bxy/Dropbox/Library.papers3/Files/28/2898D824-277B-418A-9263-44019595AAA1.pdf:application/pdf}},
uri = {\url{papers3://publication/uuid/0C8895AB-A4C0-4529-974E-4920DDD05297}}
}

@inproceedings{sabhnani2003kdd,
author = {Sabhnani, Maheshkumar and Serpen, G{\"u}rsel},
title = {{KDD Feature Set Complaint Heuristic Rules for R2L Attack Detection.}},
booktitle = {International Conference in Computer Security and Management},
year = {2003},
pages = {310--316},
organization = {Citeseer},
affiliation = {Citeseer},
read = {Yes},
rating = {0},
date-added = {2015-04-02T08:03:51GMT},
date-modified = {2015-04-03T13:17:38GMT},
local-url = {file://localhost/Users/bxy/Dropbox/Library.papers3/Files/6A/6AA07148-1731-499C-BA5A-7683566D97D3.pdf},
file = {{6AA07148-1731-499C-BA5A-7683566D97D3.pdf:/Users/bxy/Dropbox/Library.papers3/Files/6A/6AA07148-1731-499C-BA5A-7683566D97D3.pdf:application/pdf}},
uri = {\url{papers3://publication/uuid/A8E03A26-F8AA-432A-B773-9034C93EE60B}}
}

@inproceedings{kernelPCA-Space,
author = {Fujimaki, Ryohei and Yairi, Takehisa and Machida, Kazuo},
title = {{An Approach to Spacecraft Anomaly Detection Problem Using Kernel Feature Space}},
booktitle = {Proceedings of the Eleventh ACM SIGKDD International Conference on Knowledge Discovery in Data Mining},
year = {2005},
pages = {401--410},
publisher = {ACM},
isbn = {1-59593-135-X},
rating = {0},
date-added = {2015-03-19T07:04:57GMT},
date-modified = {2015-04-04T08:20:42GMT},
local-url = {file://localhost/Users/bxy/Dropbox/Library.papers3/Files/22/22490099-B4D2-45DF-8CD5-2D9770CEA593.pdf},
file = {{22490099-B4D2-45DF-8CD5-2D9770CEA593.pdf:/Users/bxy/Dropbox/Library.papers3/Files/22/22490099-B4D2-45DF-8CD5-2D9770CEA593.pdf:application/pdf;22490099-B4D2-45DF-8CD5-2D9770CEA593.pdf:/Users/bxy/Dropbox/Library.papers3/Files/22/22490099-B4D2-45DF-8CD5-2D9770CEA593.pdf:application/pdf}},
uri = {\url{papers3://publication/uuid/E01E480A-A95F-4532-BB30-45921060CA9D}}
}

